<record><leader>00000cas a22000007a 4500</leader><controlfield tag="001">17852694</controlfield><controlfield tag="008">880426d19uu19uumsuwr ne      0    0eng d</controlfield><datafield ind1=" " ind2=" " tag="010"><subfield code="a">sn 88067133 </subfield></datafield><datafield ind1=" " ind2=" " tag="040"><subfield code="a">MSJ</subfield><subfield code="b">eng</subfield><subfield code="c">MSJ</subfield><subfield code="d">OCL</subfield><subfield code="d">OCLCQ</subfield></datafield><datafield ind1=" " ind2=" " tag="042"><subfield code="a">msc</subfield></datafield><datafield ind1="0" ind2=" " tag="130"><subfield code="a">Mississippi herald (Collins, Miss.)</subfield></datafield><datafield ind1="1" ind2="0" tag="245"><subfield code="a">Mississippi herald.</subfield></datafield><datafield ind1=" " ind2=" " tag="260"><subfield code="a">Collins, Miss. :</subfield><subfield code="b">J.T. Watkins</subfield></datafield><datafield ind1=" " ind2=" " tag="310"><subfield code="a">Weekly</subfield></datafield><datafield ind1=" " ind2=" " tag="588"><subfield code="a">Description based on: Vol. ?, no. ? (Jan. 2, 1911).</subfield></datafield><datafield ind1=" " ind2=" " tag="752"><subfield code="a">United States</subfield><subfield code="b">Mississippi</subfield><subfield code="c">Covington</subfield><subfield code="d">Collins.</subfield></datafield><datafield ind1="0" ind2="0" tag="780"><subfield code="t">Mount Olive Progress</subfield></datafield></record>